@book{book2015,
   author = {Andy Great},
   title = {This is the book title},
   publisher = {This is the name of the publisher},
   year = {2015}
 }
 
@inproceedings{conf,
    author = {Frank Author and Simon Author and Peter Author},
    title = {This is the title of a conference paper},
    booktitle = {This is the title of the proceedings/conference},
    pages = {1--100},
    year = {2015}
 }   

@article{Action-Schemas,
   author = {Thomas J. Walsh and Michael L. Littman},
   title = {Efficient Learning of Action Schemas and Web-Service Descriptions},
   journal = {AAAI Conference on Artificial Intelligence},
   volume = {23},
   year = {2008}
}
@thesis{jacobsen2015a,
	title = {Action Learning in Automated Planning},
	author = {Jacobsen, SÃ¸ren and Johnsen, Jannick Boese},
	year = {2015}
}
@article{trail,
	author = {Scott Sherwood Benson},
	title = {LEARNING ACTION MODELS FOR REACTIVE
	AUTONOMOUS AGENTS},
	year = {1996}
}

@book{book2015,
	author = {Andy Great},
	title = {This is the book title},
	publisher = {This is the name of the publisher},
	year = {2015}
}


@article{pop,
	author = {XuanLong Nguyen and Subbarao Kambhampati},
	title = {Reviving Partial Order Planning},
	year = {2001}
}

@inproceedings{durative,
	title={A temporal planning system for durative actions of PDDL2. 1},
	author={Garrido, Antonio and Fox, Maria and Long, Derek},
	booktitle={ECAI},
	pages={586--590},
	year={2002},
	organization={Citeseer}
}
@inproceedings{mapl,
	title={A multiagent planning language},
	author={Brenner, Michael},
	booktitle={Proc. of the Workshop on PDDL, ICAPS},
	volume={3},
	pages={33--38},
	year={2003}
}
@book{helmert2008a,
	title = {Understanding planning tasks electronic resource : domain complexity and heuristic decomposition},
	language = {English},
	publisher = {Springer},
	author = {Helmert, Malte.},
	pages = {xiv, 270 s},
	year = {2008},
	isbn = {3540777229, 9783540777229}
}

@book{russell2014a,
	title = {Artificial Intelligence : A modern Approach},
	publisher = {Pearson},
	author = {Russell, Stuart and Norvig, Peter},
	pages = {1091 s},
	year = {2014},
	isbn = {9781292024202}
}
@article{zhuo2010a,
	title = {Learning complex action models with quantifiers and logical implications},
	language = {und},
	publisher = {ELSEVIER SCIENCE BV},
	author = {Zhuo, Hankz Hankui and Yang, Qiang and Hu, Derek Hao and Li, Lei},
	journal = {Artificial Intelligence, Artif. Intell, Artif Intel, Artif Intell, Artificial Intelligence an International Journal, Artif. Intell. J},
	volume = {174},
	number = {18},
	pages = {1540-1569},
	year = {2010},
	issn = {18727433, 03019268, 18727921, 00043702},

}